@article{FIORI2016257,
title = "Power-based electric vehicle energy consumption model: Model development and validation",
journal = "Applied Energy",
volume = "168",
pages = "257 - 268",
year = "2016",
issn = "0306-2619",
doi = "https://doi.org/10.1016/j.apenergy.2016.01.097",
url = "http://www.sciencedirect.com/science/article/pii/S030626191630085X",
author = "Chiara Fiori and Kyoungho Ahn and Hesham A. Rakha",
keywords = "Electric vehicles, Regenerative braking energy efficiency, Energy consumption, Least Square Optimization Method, VT-CPEM, Auxiliary systems load"
}

@article{WU201552,
title = "Electric vehiclesâ€™ energy consumption measurement and estimation",
journal = "Transportation Research Part D: Transport and Environment",
volume = "34",
pages = "52 - 67",
year = "2015",
issn = "1361-9209",
doi = "https://doi.org/10.1016/j.trd.2014.10.007",
url = "http://www.sciencedirect.com/science/article/pii/S1361920914001485",
author = "Xinkai Wu and David Freese and Alfredo Cabrera and William A. Kitch",
keywords = "Electric vehicle, EV data collection, Energy consumption estimation, Behavior, EV performance"
}

@Article{Dols2011,
author="Dols, Juan F.",
title="El Futuro del veh{\'i}culo el{\'e}ctrico",
journal="Securitas Vialis",
year="2011",
month="10",
volume="3",
number="3",
pages="67--68",
issn="1989-1679",
doi="10.1007/s12615-012-9046-z",
url="https://doi.org/10.1007/s12615-012-9046-z"
}

